<?xml version="1.0" encoding="UTF-8"?><collection xmlns="http://www.loc.gov/MARC21/slim"><record><leader>00381nam--2200133-i-4500</leader><controlfield tag="001">000013801</controlfield><controlfield tag="002">20161230</controlfield><controlfield tag="005">20161230201030</controlfield><controlfield tag="008">060222s1000------------r-----000-0-eng-d</controlfield><datafield ind1=" " ind2=" " tag="080"><subfield code="a">55034(914)</subfield></datafield><datafield ind1=" " ind2=" " tag="100"><subfield code="a">Bellosillo, Sulpicie, Minoza, W.Ocampo, A</subfield></datafield><datafield ind1=" " ind2=" " tag="245"><subfield code="a">Significant philippine earthquakes</subfield></datafield><datafield ind1=" " ind2=" " tag="260"><subfield code="a">Philippine, Weather Bureau Scientific Papers, /1959/ 65 P</subfield></datafield><datafield ind1=" " ind2=" " tag="852"><subfield code="a">47489</subfield></datafield></record></collection>